<record><leader>00000cas a22000007a 4500</leader><controlfield tag="001">14217899</controlfield><controlfield tag="008">860915d193819uuwiuuu ne      0    0eng d</controlfield><datafield ind1=" " ind2=" " tag="010"><subfield code="a">sn 86086546 </subfield></datafield><datafield ind1=" " ind2=" " tag="040"><subfield code="a">NPV</subfield><subfield code="b">eng</subfield><subfield code="c">NPV</subfield><subfield code="d">OCLCQ</subfield></datafield><datafield ind1=" " ind2=" " tag="042"><subfield code="a">msc</subfield></datafield><datafield ind1=" " ind2=" " tag="045"><subfield code="a">x3x-</subfield></datafield><datafield ind1=" " ind2=" " tag="052"><subfield code="a">4123</subfield><subfield code="b">W7</subfield></datafield><datafield ind1="0" ind2=" " tag="130"><subfield code="a">Redgranite herald (Redgranite, Wis. : 1938)</subfield></datafield><datafield ind1="1" ind2="4" tag="245"><subfield code="a">The Redgranite herald.</subfield></datafield><datafield ind1=" " ind2=" " tag="260"><subfield code="a">Redgranite, Wis. :</subfield><subfield code="b">[s.n.]</subfield></datafield><datafield ind1=" " ind2=" " tag="300"><subfield code="a">v. :</subfield><subfield code="b">ill.</subfield></datafield><datafield ind1="1" ind2=" " tag="362"><subfield code="a">Began in 1938?</subfield></datafield><datafield ind1=" " ind2=" " tag="530"><subfield code="a">Available on microfilm from The State Historical Society of Wisconsin.</subfield></datafield><datafield ind1=" " ind2=" " tag="588"><subfield code="a">Description based on: Vol. 2, no. 3 (Jan. 25, 1939).</subfield></datafield><datafield ind1=" " ind2=" " tag="752"><subfield code="a">United States</subfield><subfield code="b">Wisconsin</subfield><subfield code="c">Waushara</subfield><subfield code="d">Redgranite.</subfield></datafield></record>